<record><leader>00000cas a22000007a 4500</leader><controlfield tag="001">13755316</controlfield><controlfield tag="008">860620d19081908nvuwr ne      0    0eng d</controlfield><datafield ind1=" " ind2=" " tag="010"><subfield code="a">sn 86076223 </subfield></datafield><datafield ind1=" " ind2=" " tag="040"><subfield code="a">NNX</subfield><subfield code="b">eng</subfield><subfield code="c">NNX</subfield><subfield code="d">OCLCQ</subfield></datafield><datafield ind1=" " ind2=" " tag="042"><subfield code="a">msc</subfield></datafield><datafield ind1=" " ind2=" " tag="043"><subfield code="a">n-us-nv</subfield></datafield><datafield ind1="0" ind2="4" tag="245"><subfield code="a">The Rawhide times.</subfield></datafield><datafield ind1=" " ind2=" " tag="260"><subfield code="a">Rawhide, Nev. :</subfield><subfield code="b">Rawhide Times Pub. Co.,</subfield><subfield code="c">1908-</subfield></datafield><datafield ind1=" " ind2=" " tag="300"><subfield code="a">v.</subfield></datafield><datafield ind1=" " ind2=" " tag="310"><subfield code="a">Weekly</subfield></datafield><datafield ind1="0" ind2=" " tag="362"><subfield code="a">Vol. 1, no. 1 (Jan. 16, 1908)-</subfield></datafield><datafield ind1="1" ind2=" " tag="362"><subfield code="a">Ceased ca. Mar. 1908.</subfield><subfield code="z">Cf. Lingenfelter, R.E. Newspapers of Nevada.</subfield></datafield><datafield ind1=" " ind2=" " tag="580"><subfield code="a">Merged with: Rawhide daily press, to form: Rawhide press-times.</subfield></datafield><datafield ind1=" " ind2="0" tag="651"><subfield code="a">Rawhide (Nev.)</subfield><subfield code="v">Newspapers.</subfield></datafield><datafield ind1=" " ind2=" " tag="752"><subfield code="a">United States</subfield><subfield code="b">Nevada</subfield><subfield code="c">Esmeralda</subfield><subfield code="d">Rawhide.</subfield></datafield><datafield ind1=" " ind2=" " tag="752"><subfield code="a">United States</subfield><subfield code="b">Nevada</subfield><subfield code="c">Mineral</subfield><subfield code="d">Rawhide.</subfield></datafield><datafield ind1="1" ind2="7" tag="785"><subfield code="t">Rawhide daily press</subfield><subfield code="w">(DLC)sn 86076204</subfield><subfield code="w">(OCoLC)13710779</subfield></datafield><datafield ind1="1" ind2="7" tag="785"><subfield code="t">Rawhide press-times</subfield><subfield code="w">(DLC)sn 86091355</subfield><subfield code="w">(OCoLC)13458053</subfield></datafield><datafield ind1="1" ind2=" " tag="029"><subfield code="a">AU@</subfield><subfield code="b">000024500450</subfield></datafield></record>